

@article{guidotti2020,
  title = {{{COVID-19}} Data Hub},
  author = {Guidotti, Emanuele and Ardia, David},
  year = {2020},
  journal = {Journal of Open Source Software},
  volume = {5},
  number = {51},
  pages = {2376},
  doi = {10.21105/joss.02376}
}



