@Manual{R-flextable,
  title = {flextable: Functions for Tabular Reporting},
  author = {David Gohel and Panagiotis Skintzos},
  year = {2024},
  note = {R package version 0.9.6, 
https://davidgohel.github.io/flextable/},
  url = {https://ardata-fr.github.io/flextable-book/},
}

@Manual{R-ggplotify,
  title = {ggplotify: Convert Plot to grob or ggplot Object},
  author = {Guangchuang Yu},
  year = {2023},
  note = {R package version 0.1.2},
  url = {https://github.com/GuangchuangYu/ggplotify},
}

@Manual{R-gridExtra,
  title = {gridExtra: Miscellaneous Functions for "Grid" Graphics},
  author = {Baptiste Auguie},
  year = {2017},
  note = {R package version 2.3},
  url = {https://CRAN.R-project.org/package=gridExtra},
}

@Manual{R-modelr,
  title = {modelr: Modelling Functions that Work with the Pipe},
  author = {Hadley Wickham},
  year = {2023},
  note = {R package version 0.1.11},
  url = {https://modelr.tidyverse.org},
}

@Manual{R-nycflights13,
  title = {nycflights13: Flights that Departed NYC in 2013},
  author = {Hadley Wickham},
  year = {2021},
  note = {R package version 1.0.2},
  url = {https://github.com/hadley/nycflights13},
}

@Manual{R-tidyverse,
  title = {tidyverse: Easily Install and Load the Tidyverse},
  author = {Hadley Wickham},
  year = {2023},
  note = {R package version 2.0.0, 
https://github.com/tidyverse/tidyverse},
  url = {https://tidyverse.tidyverse.org},
}

@Manual{R-vtable,
  title = {vtable: Variable Table for Variable Documentation},
  author = {Nick Huntington-Klein},
  year = {2023},
  note = {R package version 1.4.6},
  url = {https://nickch-k.github.io/vtable/},
}

@Article{tidyverse2019,
  title = {Welcome to the {tidyverse}},
  author = {Hadley Wickham and Mara Averick and Jennifer Bryan and Winston Chang and Lucy D'Agostino McGowan and Romain François and Garrett Grolemund and Alex Hayes and Lionel Henry and Jim Hester and Max Kuhn and Thomas Lin Pedersen and Evan Miller and Stephan Milton Bache and Kirill Müller and Jeroen Ooms and David Robinson and Dana Paige Seidel and Vitalie Spinu and Kohske Takahashi and Davis Vaughan and Claus Wilke and Kara Woo and Hiroaki Yutani},
  year = {2019},
  journal = {Journal of Open Source Software},
  volume = {4},
  number = {43},
  pages = {1686},
  doi = {10.21105/joss.01686},
}

