
@manual{allaire2022,
  type = {manual},
  title = {Rmarkdown: {{Dynamic}} Documents for {{R}}},
  author = {Allaire, JJ and Xie, Yihui and McPherson, Jonathan and Luraschi, Javier and Ushey, Kevin and Atkins, Aron and Wickham, Hadley and Cheng, Joe and Chang, Winston and Iannone, Richard},
  date = {2022},
  url = {https://github.com/rstudio/rmarkdown}
}

@article{wickham2019,
  title = {Welcome to the {{tidyverse}}},
  author = {Wickham, Hadley and Averick, Mara and Bryan, Jennifer and Chang, Winston and McGowan, Lucy D'Agostino and François, Romain and Grolemund, Garrett and Hayes, Alex and Henry, Lionel and Hester, Jim and Kuhn, Max and Pedersen, Thomas Lin and Miller, Evan and Bache, Stephan Milton and Müller, Kirill and Ooms, Jeroen and Robinson, David and Seidel, Dana Paige and Spinu, Vitalie and Takahashi, Kohske and Vaughan, Davis and Wilke, Claus and Woo, Kara and Yutani, Hiroaki},
  date = {2019},
  journaltitle = {Journal of Open Source Software},
  volume = {4},
  number = {43},
  pages = {1686},
  doi = {10.21105/joss.01686}
}

@incollection{xie2014,
  title = {Knitr: {{A}} Comprehensive Tool for Reproducible Research in {{R}}},
  booktitle = {Implementing Reproducible Computational Research},
  author = {Xie, Yihui},
  editor = {Stodden, Victoria and Leisch, Friedrich and Peng, Roger D.},
  date = {2014},
  publisher = {{Chapman and Hall/CRC}},
  url = {http://www.crcpress.com/product/isbn/9781466561595}
}

@book{xie2015,
  title = {Dynamic Documents with {{R}} and Knitr},
  author = {Xie, Yihui},
  date = {2015},
  edition = {2},
  publisher = {{Chapman and Hall/CRC}},
  location = {{Boca Raton, Florida}},
  url = {https://yihui.org/knitr/}
}

@book{xie2018,
  title = {R Markdown: {{The}} Definitive Guide},
  author = {Xie, Yihui and Allaire, J.J. and Grolemund, Garrett},
  date = {2018},
  publisher = {{Chapman and Hall/CRC}},
  location = {{Boca Raton, Florida}},
  url = {https://bookdown.org/yihui/rmarkdown}
}

@book{xie2020,
  title = {R Markdown Cookbook},
  author = {Xie, Yihui and Dervieux, Christophe and Riederer, Emily},
  date = {2020},
  publisher = {{Chapman and Hall/CRC}},
  location = {{Boca Raton, Florida}},
  url = {https://bookdown.org/yihui/rmarkdown-cookbook}
}

@manual{xie2022,
  type = {manual},
  title = {Knitr: {{A}} General-Purpose Package for Dynamic Report Generation in {{R}}},
  author = {Xie, Yihui},
  date = {2022},
  url = {https://yihui.org/knitr/}
}

@online{zotero-1334,
  title = {Start [{{Zotero Documentation}}]},
  url = {https://www.zotero.org/support/},
  urldate = {2022-07-22}
}




