@Manual{R-hexbin,
  title = {hexbin: Hexagonal Binning Routines},
  author = {Dan Carr and Nicholas Lewin-Koh and Martin Maechler},
  year = {2023},
  note = {R package version 1.28.3},
  url = {https://github.com/edzer/hexbin},
}

@Manual{R-lubridate,
  title = {lubridate: Make Dealing with Dates a Little Easier},
  author = {Vitalie Spinu and Garrett Grolemund and Hadley Wickham},
  year = {2023},
  note = {R package version 1.9.3, 
https://github.com/tidyverse/lubridate},
  url = {https://lubridate.tidyverse.org},
}

@Manual{R-modelr,
  title = {modelr: Modelling Functions that Work with the Pipe},
  author = {Hadley Wickham},
  year = {2023},
  note = {R package version 0.1.11},
  url = {https://modelr.tidyverse.org},
}

@Manual{R-nycflights13,
  title = {nycflights13: Flights that Departed NYC in 2013},
  author = {Hadley Wickham},
  year = {2021},
  note = {R package version 1.0.2},
  url = {https://github.com/hadley/nycflights13},
}

@Manual{R-patchwork,
  title = {patchwork: The Composer of Plots},
  author = {Thomas Lin Pedersen},
  year = {2024},
  note = {R package version 1.2.0, 
https://github.com/thomasp85/patchwork},
  url = {https://patchwork.data-imaginist.com},
}

@Manual{R-tidyverse,
  title = {tidyverse: Easily Install and Load the Tidyverse},
  author = {Hadley Wickham},
  year = {2023},
  note = {R package version 2.0.0, 
https://github.com/tidyverse/tidyverse},
  url = {https://tidyverse.tidyverse.org},
}

@Manual{R-tseries,
  title = {tseries: Time Series Analysis and Computational Finance},
  author = {Adrian Trapletti and Kurt Hornik},
  year = {2024},
  note = {R package version 0.10-56},
  url = {https://CRAN.R-project.org/package=tseries},
}

@Article{lubridate2011,
  title = {Dates and Times Made Easy with {lubridate}},
  author = {Garrett Grolemund and Hadley Wickham},
  journal = {Journal of Statistical Software},
  year = {2011},
  volume = {40},
  number = {3},
  pages = {1--25},
  url = {https://www.jstatsoft.org/v40/i03/},
}

@Article{tidyverse2019,
  title = {Welcome to the {tidyverse}},
  author = {Hadley Wickham and Mara Averick and Jennifer Bryan and Winston Chang and Lucy D'Agostino McGowan and Romain François and Garrett Grolemund and Alex Hayes and Lionel Henry and Jim Hester and Max Kuhn and Thomas Lin Pedersen and Evan Miller and Stephan Milton Bache and Kirill Müller and Jeroen Ooms and David Robinson and Dana Paige Seidel and Vitalie Spinu and Kohske Takahashi and Davis Vaughan and Claus Wilke and Kara Woo and Hiroaki Yutani},
  year = {2019},
  journal = {Journal of Open Source Software},
  volume = {4},
  number = {43},
  pages = {1686},
  doi = {10.21105/joss.01686},
}

